@article{hochreiter1997long,
  title={Long short-term memory},
  author={Hochreiter, Sepp and Schmidhuber, J{\"u}rgen},
  journal={Neural computation},
  volume={9},
  number={8},
  pages={1735--1780},
  year={1997},
  publisher={MIT Press}
}
@article{graves2014neural,
  title={Neural turing machines},
  author={Graves, Alex and Wayne, Greg and Danihelka, Ivo},
  journal={arXiv preprint arXiv:1410.5401},
  year={2014}
}
@article{reed2015neural,
  title={Neural programmer-interpreters},
  author={Reed, Scott and De Freitas, Nando},
  journal={arXiv preprint arXiv:1511.06279},
  year={2015}
}
@inproceedings{bovsnjak2017programming,
  title={Programming with a differentiable forth interpreter},
  author={Bo{\v{s}}njak, Matko and Rockt{\"a}schel, Tim and Naradowsky, Jason and Riedel, Sebastian},
  booktitle={Proceedings of the 34th International Conference on Machine Learning-Volume 70},
  pages={547--556},
  year={2017},
  organization={JMLR. org}
}
@article{denil2017programmable,
  title={Programmable agents},
  author={Denil, Misha and Colmenarejo, Sergio G{\'o}mez and Cabi, Serkan and Saxton, David and de Freitas, Nando},
  journal={arXiv preprint arXiv:1706.06383},
  year={2017}
}
@inproceedings{nair2010rectified,
  title={Rectified linear units improve restricted boltzmann machines},
  author={Nair, Vinod and Hinton, Geoffrey E},
  booktitle={Proceedings of the 27th international conference on machine learning (ICML-10)},
  pages={807--814},
  year={2010}
}
@article{schulman2017proximal,
  title={Proximal policy optimization algorithms},
  author={Schulman, John and Wolski, Filip and Dhariwal, Prafulla and Radford, Alec and Klimov, Oleg},
  journal={arXiv preprint arXiv:1707.06347},
  year={2017}
}
@article{misra2018mapping,
  title={Mapping instructions to actions in 3D environments with visual goal prediction},
  author={Misra, Dipendra and Bennett, Andrew and Blukis, Valts and Niklasson, Eyvind and Shatkhin, Max and Artzi, Yoav},
  journal={arXiv preprint arXiv:1809.00786},
  year={2018}
}
@article{abs1710ntp,
  author    = {Danfei Xu and
               Suraj Nair and
               Yuke Zhu and
               Julian Gao and
               Animesh Garg and
               Li Fei{-}Fei and
               Silvio Savarese},
  title     = {Neural Task Programming: Learning to Generalize Across Hierarchical
               Tasks},
  journal   = {CoRR},
  volume    = {abs/1710.01813},
  year      = {2017},
  url       = {http://arxiv.org/abs/1710.01813},
  archivePrefix = {arXiv},
  eprint    = {1710.01813},
  timestamp = {Mon, 22 Jul 2019 14:55:30 +0200},
  biburl    = {https://dblp.org/rec/bib/journals/corr/abs-1710-01813},
  bibsource = {dblp computer science bibliography, https://dblp.org}
}
@article{zhang2018composable,
  title={Composable planning with attributes},
  author={Zhang, Amy and Lerer, Adam and Sukhbaatar, Sainbayar and Fergus, Rob and Szlam, Arthur},
  journal={arXiv preprint arXiv:1803.00512},
  year={2018}
}
@inproceedings{sohn2018hierarchical,
  title={Hierarchical reinforcement learning for zero-shot generalization with subtask dependencies},
  author={Sohn, Sungryull and Oh, Junhyuk and Lee, Honglak},
  booktitle={Advances in Neural Information Processing Systems},
  pages={7156--7166},
  year={2018}
}
@article{ChoMGBSB14,
  author    = {Kyunghyun Cho and
               Bart van Merrienboer and
               {\c{C}}aglar G{\"{u}}l{\c{c}}ehre and
               Fethi Bougares and
               Holger Schwenk and
               Yoshua Bengio},
  title     = {Learning Phrase Representations using {RNN} Encoder-Decoder for Statistical
               Machine Translation},
  journal   = {CoRR},
  volume    = {abs/1406.1078},
  year      = {2014},
  url       = {http://arxiv.org/abs/1406.1078},
  archivePrefix = {arXiv},
  eprint    = {1406.1078},
  timestamp = {Mon, 13 Aug 2018 16:46:44 +0200},
  biburl    = {https://dblp.org/rec/bib/journals/corr/ChoMGBSB14},
  bibsource = {dblp computer science bibliography, https://dblp.org}
}
@inproceedings{sun2020program,
  title={Program Guided Agent},
  author={Shao-Hua Sun and Te-Lin Wu and Joseph J. Lim},
  booktitle={International Conference on Learning Representations},
  year={2020},
  url={https://openreview.net/forum?id=BkxUvnEYDH}
}
@inproceedings{oh2017zero,
  title={Zero-shot task generalization with multi-task deep reinforcement learning},
  author={Oh, Junhyuk and Singh, Satinder and Lee, Honglak and Kohli, Pushmeet},
  booktitle={Proceedings of the 34th International Conference on Machine Learning-Volume 70},
  pages={2661--2670},
  year={2017},
  organization={JMLR. org}
}
@article{heess2015memory,
  title={Memory-based control with recurrent neural networks},
  author={Heess, Nicolas and Hunt, Jonathan J and Lillicrap, Timothy P and Silver, David},
  journal={arXiv preprint arXiv:1512.04455},
  year={2015}
}
@inproceedings{grefenstette2015learning,
  title={Learning to transduce with unbounded memory},
  author={Grefenstette, Edward and Hermann, Karl Moritz and Suleyman, Mustafa and Blunsom, Phil},
  booktitle={Advances in neural information processing systems},
  pages={1828--1836},
  year={2015}
}
@inproceedings{langley00,
 author    = {P. Langley},
 title     = {Crafting Papers on Machine Learning},
 year      = {2000},
 pages     = {1207--1216},
 editor    = {Pat Langley},
 booktitle     = {Proceedings of the 17th International Conference
              on Machine Learning (ICML 2000)},
 address   = {Stanford, CA},
 publisher = {Morgan Kaufmann}
}
@TechReport{mitchell80,
  author = 	 "T. M. Mitchell",
  title = 	 "The Need for Biases in Learning Generalizations",
  institution =  "Computer Science Department, Rutgers University",
  year = 	 "1980",
  address =	 "New Brunswick, MA",
}

@phdthesis{kearns89,
  author = {M. J. Kearns},
  title =  {Computational Complexity of Machine Learning},
  school = {Department of Computer Science, Harvard University},
  year =   {1989}
}

@Book{MachineLearningI,
  editor = 	 "R. S. Michalski and J. G. Carbonell and T.
		  M. Mitchell",
  title = 	 "Machine Learning: An Artificial Intelligence
		  Approach, Vol. I",
  publisher = 	 "Tioga",
  year = 	 "1983",
  address =	 "Palo Alto, CA"
}

@Book{DudaHart2nd,
  author =       "R. O. Duda and P. E. Hart and D. G. Stork",
  title =        "Pattern Classification",
  publisher =    "John Wiley and Sons",
  edition =      "2nd",
  year =         "2000"
}

@misc{anonymous,
  title= {Suppressed for Anonymity},
  author= {Author, N. N.},
  year= {2018}
}

@InCollection{Newell81,
  author =       "A. Newell and P. S. Rosenbloom",
  title =        "Mechanisms of Skill Acquisition and the Law of
                  Practice", 
  booktitle =    "Cognitive Skills and Their Acquisition",
  pages =        "1--51",
  publisher =    "Lawrence Erlbaum Associates, Inc.",
  year =         "1981",
  editor =       "J. R. Anderson",
  chapter =      "1",
  address =      "Hillsdale, NJ"
}


@Article{Samuel59,
  author = 	 "A. L. Samuel",
  title = 	 "Some Studies in Machine Learning Using the Game of
		  Checkers",
  journal =	 "IBM Journal of Research and Development",
  year =	 "1959",
  volume =	 "3",
  number =	 "3",
  pages =	 "211--229"
}
